% Encoding: windows-1252

@Book{bentley:1999,
  title     = {{P}rogramming {P}earls},
  publisher = {Ad\-dison--Wesley},
  year      = {1999},
  author    = {Jon Bentley},
  address   = {Boston, MA, USA},
  edition   = {2},
}

@BOOK{bringhurst:2002,
    title = {{T}he {E}lements of {T}ypographic {S}tyle},
    publisher = {Hartley \& Marks Publishers},
    year = {2013},
    author = {Robert Bringhurst},
    series = {Version 4.0: 20th Anniversary Edition},
    address = {Point Roberts, WA, USA}
}

@BOOK{cormen:2001,
    title = {{I}ntroduction to {A}lgorithms},
    publisher = {The MIT Press},
    year = {2009},
    author = {Cormen, Thomas H. and Leiserson, Charles E. and Rivest, Ronald L.
    and Clifford Stein},
    address = {Cambridge, MA, USA},
    edition = 3
}

@BOOK{dueck:trio,
    title = {{D}ueck's {T}rilogie 2.1: {O}mnisophie -- {S}upramanie -- {T}opothesie},
    publisher = {Springer},
	address = {Berlin, Germany},
    year = {2013},
    author = {Gunter Dueck}
}

@ARTICLE{knuth:1976,
    author = {Knuth, Donald E.},
    title = {{B}ig {O}micron and {B}ig {O}mega and {B}ig {T}heta},
    journal = {SIGACT News},
    year = {1976},
    volume = {8},
    pages = {18--24},
    number = {2},
    address = {New York, NY, USA},
    publisher = {ACM Press}
}

@ARTICLE{knuth:1974,
    author = {Knuth, Donald E.},
    title = {{C}omputer {P}rogramming as an {A}rt},
    journal = {Communications of the ACM},
    year = {1974},
    volume = {17},
    pages = {667--673},
    number = {12},
    address = {New York, NY, USA},
    publisher = {ACM Press}
}

@BOOK{sommerville:1992,
    title = {{S}oftware {E}ngineering},
    publisher = {Addison-Wesley},
    year = {2015},
    author = {Ian Sommerville},
    address = {Boston, MA, USA},
    edition = 10
}

@Book{taleb:2018,
  title     = {Skin in the Game: Hidden Asymmetries in Daily Life},
  publisher = {Random House},
  year      = {2018},
  author    = {Taleb, Nassim Nicholas},
  address   = {New York, NY, USA},
}

@Book{taleb:2010,
 title = {The Black Swan: The Impact of the Highly Improbable},
 publisher = {Random House},
 year = {2010},
 author = {Taleb, Nassim Nicholas},
 address = {New York, NY, USA}
 }
 

@BOOK{ferriss:2016,
title={Tools of Titans: The Tactics, Routines, and Habits of Billionaires, Icons, and World-Class Performers},
author={Timothy Ferriss},
publisher={Houghton Mifflin Harcourt},
year={2016},
address = {Boston, MA, USA},
}

@Book{adams:1996,
 author = {Adams, Scott},
 title = {The Dilbert Principle},
 publisher = {Harper Business},
 year = {1996},
 address = {New York, NY, USA}
 }

@Book{adams:2013,
 author = {Adams, Scott},
 title = {How to Fail at Almost Everything and Still Win Big: Kind of the Story of My Life},
 publisher = {Portfolio Penguin},
 year = {2013},
 address = {London, United Kingdom},
 }

@Book{aurelius:2002,
 author = {Aurelius, Marcus},
 title = {Meditations (A New Translation)},
 publisher = {Modern Library},
 year = {2002},
 address = {New York, NY, USA},
 }

@Book{cialdini:1984,
 author = {Cialdini, Robert B.},
 title = {Influence: The Psychology of Persuasion},
 publisher = {Harper Business},
 year = {1984},
 address = {New York, NY, USA}
 }

@Book{feynman:1985,
  title     = {{S}urely {Y}ou're {J}oking, {M}r. {F}eynman: {A}dventures of a {C}urious {C}haracter},
  publisher = {W. W. Norton},
  year      = {1985},
  author    = {Feynman, Richard P.},
  address   = {New York, NY, USA},
}

@Book{greenwald:2014,
  title     = {{N}o {P}lace to {H}ide: {E}dward {S}nowden, the {NSA}, and the {S}urveillance {S}tate},
  publisher = {Metropolitan Books},
  year      = {2014},
  author    = {Greenwald, Glenn},
  address   = {New York, NY, USA},
}

@Book{orwell:1949,
 author = {Orwell, George},
 title = {Nineteen Eighty-Four},
 publisher = {Secker \& Warburg},
 year = {1949},
 address = {London, United Kingdom}
 }

@Book{pausch:2008,
  title     = {The Last Lecture},
  publisher = {Hodder \& Stoughton},
  year      = {2008},
  author    = {Pausch, Randy},
  editor    = {Zaslow, Jeffrey},
  address   = {London, United Kingdom},
}

@Book{seneca,
 author = {Seneca, Lucius},
 title = {Letters from a Stoic: Epistulae Morales ad Lucilium},
 publisher = {Penguin},
 year = {1969},
 address = {Harmondsworth, United Kingdom}
 }

@Book{trump:1987,
 author = {Trump, Donald J. and Schwartz, Tony},
 title = {Trump: The Art of the Deal},
 publisher = {Random House},
 year = {1987},
 address = {New York, NY, USA}
 }

 @Book{frankl:1959,
  author = {Frankl, Viktor E.},
 title = {Man's Search for Meaning},
 publisher = {Beacon Press},
 year = {1959},
 address = {Boston, MA, USA}
  }

@Book{munger:2008,
  title     = {Poor Charlie's Almanack: The Wit and Wisdom of Charles T. Munger},
  publisher = {Donning Company},
  year      = {2008},
  author    = {Munger, Charles T.},
  editor    = {Kaufman, Peter D.},
  address   = {Virginia Beach, VA, USA},
  edition   = {3},
}
 
 @Book{postman:2005,
 author = {Postman, Neil},
 title = {Amusing Ourselves to Death: Public Discourse in the Age of Show Business (20th Anniversary Edition)},
 publisher = {Penguin Books},
 year = {2005},
 address = {New York, NY, USA}
 }

@Book{taleb:2012,
  title     = {{A}ntifragile: {T}hings {T}hat {G}ain from {D}isorder},
  publisher = {Random House},
  year      = {2012},
  author    = {Taleb, Nassim Nicholas},
  address   = {New York, NY, USA},
}

@Book{peterson:2018,
  title     = {12 Rules for Life: An Antidote to Chaos},
  publisher = {Random House Canada},
  year      = {2018},
  author    = {Peterson, Jordan B.},
  address   = {Toronto, ON, Canada},
}

@Book{harari:2014,
  title     = {Sapiens: A Brief History of Humankind},
  publisher = {Random House},
  year      = {2014},
  author    = {Harari, Yuval Noah},
  address   = {New York, NY, USA},
}

@Comment{jabref-meta: databaseType:bibtex;}

@article{taneda2011modena,
	title = {{MODENA: a multi-objective RNA inverse folding}},
	author = {Taneda, Akito},
	journal = {Advances and applications in bioinformatics and chemistry: AABC},
	volume = {4},
	pages = {1},
	year = {2011},
	publisher = {Dove Press},
}


@article{zadeh2011nucleic,
	title = {{Nucleic acid sequence design via efficient ensemble defect optimization}},
	author = {Zadeh, Joseph N and Wolfe, Brian R and Pierce, Niles A},
	journal = {Journal of computational chemistry},
	volume = {32},
	number = {3},
	pages = {439--452},
	year = {2011},
	publisher = {Wiley Online Library},
}


@article{anderson2016principles,
	title = {{Principles for predicting RNA secondary structure design difficulty}},
	author = {Anderson-Lee, Jeff and Fisker, Eli and Kosaraju, Vineet and Wu, Michelle and Kong, Justin and Lee, Jeehyung and Lee, Minjae and Zada, Mathew and Treuille, Adrien and Das, Rhiju},
	journal = {Journal of molecular biology},
	volume = {428},
	number = {5},
	pages = {748--757},
	year = {2016},
	publisher = {Elsevier},
}


@unpublished{shi2018sentrna,
	title = {{SentRNA: Improving computational RNA design by incorporating a prior of human design strategies}},
	author = {Shi, Jade and Das, Rhiju and Pande, Vijay S},
	journal = {arXiv preprint arXiv:1803.03146},
	year = {2018},
}


@article{ancel2000plasticity,
	title = {{Plasticity, evolvability, and modularity in RNA}},
	author = {Ancel, Lauren W and Fontana, Walter},
	journal = {Journal of Experimental Zoology},
	volume = {288},
	number = {3},
	pages = {242--283},
	year = {2000},
	publisher = {Wiley Online Library},
}


@article{esmaili2014evolutionary,
	title = {{Evolutionary solution for the RNA design problem}},
	author = {Esmaili-Taheri, Ali and Ganjtabesh, Mohammad and Mohammad-Noori, Morteza},
	journal = {Bioinformatics},
	volume = {30},
	number = {9},
	pages = {1250--1258},
	year = {2014},
	publisher = {Oxford University Press},
}


@article{churkin2017design,
	title = {{Design of RNAs: comparing programs for inverse RNA folding}},
	author = {Churkin, Alexander and Retwitzer, Matan Drory and Reinharz, Vladimir and Ponty, Yann and Waldisp{\"u}hl, J{\'e}r{\^o}me and Barash, Danny},
	journal = {Briefings in bioinformatics},
	volume = {19},
	number = {2},
	pages = {350--358},
	year = {2017},
	publisher = {Oxford University Press},
}


@article{esmaili2015erd,
	title = {{ERD: a fast and reliable tool for RNA design including constraints}},
	author = {Esmaili-Taheri, Ali and Ganjtabesh, Mohammad},
	journal = {BMC bioinformatics},
	volume = {16},
	number = {1},
	pages = {20},
	year = {2015},
	publisher = {BioMed Central},
}


@article{dromi2008reconstruction,
	title = {{Reconstruction of natural RNA sequences from RNA shape, thermodynamic stability, mutational robustness, and linguistic complexity by evolutionary computation}},
	author = {Dromi, N and Avihoo, A and Barash, D},
	journal = {Journal of Biomolecular Structure and Dynamics},
	volume = {26},
	number = {1},
	pages = {147--161},
	year = {2008},
	publisher = {Taylor \& Francis},
}


@article{garcia2013rnaifold,
	title = {{RNAiFOLD: a constraint programming algorithm for RNA inverse folding and molecular design}},
	author = {Garcia-Martin, Juan Antonio and Clote, Peter and Dotu, Ivan},
	journal = {Journal of bioinformatics and computational biology},
	volume = {11},
	number = {02},
	pages = {1350001},
	year = {2013},
	publisher = {World Scientific},
}


@article{yang2017rna,
	title = {{RNA inverse folding using Monte Carlo tree search}},
	author = {Yang, Xiufeng and Yoshizoe, Kazuki and Taneda, Akito and Tsuda, Koji},
	journal = {BMC bioinformatics},
	volume = {18},
	number = {1},
	pages = {468},
	year = {2017},
	publisher = {BioMed Central},
}


@article{kleinkauf2015antarna,
	title = {{antaRNA: ant colony-based RNA sequence design}},
	author = {Kleinkauf, Robert and Mann, Martin and Backofen, Rolf},
	journal = {Bioinformatics},
	volume = {31},
	number = {19},
	pages = {3114--3121},
	year = {2015},
	publisher = {Oxford University Press},
}


@article{goldberg2011nanoparticle,
	title = {{Nanoparticle-mediated delivery of siRNA targeting Parp1 extends survival of mice bearing tumors derived from Brca1-deficient ovarian cancer cells}},
	author = {Goldberg, Michael S and Xing, Deyin and Ren, Yin and Orsulic, Sandra and Bhatia, Sangeeta N and Sharp, Phillip A},
	journal = {Proceedings of the National Academy of Sciences},
	volume = {108},
	number = {2},
	pages = {745--750},
	year = {2011},
	publisher = {National Acad Sciences},
}


@article{win2008higher,
	title = {{Higher-order cellular information processing with synthetic RNA devices}},
	author = {Win, Maung Nyan and Smolke, Christina D},
	journal = {Science},
	volume = {322},
	number = {5900},
	pages = {456--460},
	year = {2008},
	publisher = {American Association for the Advancement of Science},
}


@article{hao2014construction,
	title = {{Construction of RNA nanocages by re-engineering the packaging RNA of Phi29 bacteriophage}},
	author = {Hao, Chenhui and Li, Xiang and Tian, Cheng and Jiang, Wen and Wang, Guansong and Mao, Chengde},
	journal = {Nature communications},
	volume = {5},
	number={1},
	pages={1--7},
	year = {2014},
	publisher = {Nature Publishing Group},
}


@article{lorenz2011viennarna,
	title = {{ViennaRNA Package 2.0}},
	author = {Lorenz, Ronny and Bernhart, Stephan H and Zu Siederdissen, Christian H{\"o}ner and Tafer, Hakim and Flamm, Christoph and Stadler, Peter F and Hofacker, Ivo L},
	journal = {Algorithms for molecular biology},
	volume = {6},
	number = {1},
	pages = {26},
	year = {2011},
	publisher = {BioMed Central},
}


@article{Turn1999,
	author = {Turner, Douglas H. and Mathews, David H.},
	title = {{NNDB: the nearest neighbor parameter database for predicting stability of nucleic acid secondary structure}},
	journal = {Nucleic Acids Research},
	volume = {38},
	number = {suppl1},
	pages = {D280-D282},
	year = {2009},
}


@unpublished{nemo2018,
	title = {{An unexpectedly effective Monte Carlo technique for the RNA inverse folding problem}},
	author = {Portela, Fernando},
	journal = {BioRxiv},
	pages = {345587},
	year = {2018},
	publisher = {Cold Spring Harbor Laboratory},
}


@article{smerlak2019effective,
	title = {{Effective potential reveals evolutionary trajectories in complex fitness landscapes}},
	author = {Smerlak, Matteo},
	journal = {arXiv preprint arXiv:1912.05890},
	year = {2019},
}


@article{Adams_2004,
	doi = {10.1038/nature02642},
	url = {https://doi.org/10.1038%2Fnature02642},
	year = {2004},
	month = {jun},
	publisher = {Springer Science and Business Media {LLC}},
	volume = {430},
	number = {6995},
	pages = {45--50},
	author = {Peter L. Adams and Mary R. Stahley and Anne B. Kosek and Jimin Wang and Scott A. Strobel},
	title = {{Crystal structure of a self-splicing group I intron with both exons}},
	journal = {Nature},
}


@article{Mustoe_2015,
	doi = {10.1093/nar/gkv1055},
	url = {https://doi.org/10.1093%2Fnar%2Fgkv1055},
	year = {2015},
	month = {oct},
	publisher = {Oxford University Press ({OUP})},
	volume = {44},
	number = {1},
	pages = {402--412},
	author = {Anthony M. Mustoe and Hashim M. Al-Hashimi and Charles L. Brooks},
	title = {{Secondary structure encodes a cooperative tertiary folding funnel in {theAzoarcusribozyme}}},
	journal = {Nucleic Acids Research},
}


@article{Hayden_2006,
	doi = {10.1016/j.chembiol.2006.06.014},
	url = {https://doi.org/10.1016%2Fj.chembiol.2006.06.014},
	year = {2006},
	month = {aug},
	publisher = {Elsevier {BV}},
	volume = {13},
	number = {8},
	pages = {909--918},
	author = {Eric J. Hayden and Niles Lehman},
	title = {{Self-Assembly of a Group I Intron from Inactive Oligonucleotide Fragments}},
	journal = {Chemistry {\&} Biology},
}


@article{Mitra_2011,
	doi = {10.1261/rna.2694811},
	url = {https://doi.org/10.1261%2Frna.2694811},
	year = {2011},
	month = {jun},
	publisher = {Cold Spring Harbor Laboratory},
	volume = {17},
	number = {8},
	pages = {1589--1603},
	author = {S. Mitra and A. Laederach and B. L. Golden and R. B. Altman and M. Brenowitz},
	title = {{{RNA} molecules with conserved catalytic cores but variable peripheries fold along unique energetically optimized pathways}},
	journal = {{RNA}},
}


@article{Lorenz_2016,
	doi = {10.1186/s13015-016-0070-z},
	url = {https://doi.org/10.1186%2Fs13015-016-0070-z},
	year = {2016},
	month = {apr},
	publisher = {Springer Science and Business Media {LLC}},
	volume = {11},
	number = {1},
	pages={1--13},
	author = {Ronny Lorenz and Ivo L. Hofacker and Peter F. Stadler},
	title = {{{RNA} folding with hard and soft constraints}},
	journal = {Algorithms for Molecular Biology},
}


@article{Hammer_2017,
	doi = {10.1093/bioinformatics/btx263},
	url = {https://doi.org/10.1093%2Fbioinformatics%2Fbtx263},
	year = {2017},
	month = {apr},
	publisher = {Oxford University Press ({OUP})},
	volume = {33},
	number = {18},
	pages = {2850--2858},
	author = {Stefan Hammer and Birgit Tschiatschek and Christoph Flamm and Ivo L Hofacker and Sven Findei{\ss}},
	editor = {Cenk Sahinalp},
	title = {{{RNAblueprint}: flexible multiple target nucleic acid sequence design}},
	journal = {Bioinformatics},
}

@article{brion1997hierarchy,
	title={Hierarchy and dynamics of RNA folding},
	author={Brion, Philippe and Westhof, Eric},
	journal={Annual review of biophysics and biomolecular structure},
	volume={26},
	number={1},
	pages={113--137},
	year={1997},
	publisher={Annual Reviews 4139 El Camino Way, PO Box 10139, Palo Alto, CA 94303-0139, USA}
}

@article{tinoco1999rna,
	title={How RNA folds},
	author={Tinoco Jr, Ignacio and Bustamante, Carlos},
	journal={Journal of molecular biology},
	volume={293},
	number={2},
	pages={271--281},
	year={1999},
	publisher={Elsevier}
}

@article{stein1979some,
	title={On some new sequences generalizing the Catalan and Motzkin numbers},
	author={Stein, Paul R and Waterman, Michael S},
	journal={Discrete Mathematics},
	volume={26},
	number={3},
	pages={261--272},
	year={1979},
	publisher={Elsevier}
}

@article{reinharz2013,
	author = {Reinharz, Vladimir and Ponty, Yann and Waldispühl, Jérôme},
	title = "{A weighted sampling algorithm for the design of RNA sequences with targeted secondary structure and nucleotide distribution}",
	journal = {Bioinformatics},
	volume = {29},
	number = {13},
	pages = {i308-i315},
	year = {2013},
	month = {June},
	issn = {1367-4803},
	doi = {10.1093/bioinformatics/btt217},
	url = {https://doi.org/10.1093/bioinformatics/btt217},
	eprint = {https://academic.oup.com/bioinformatics/article-pdf/29/13/i308/18534655/btt217.pdf},
}
@article{leydold1998minimal,
	title={Minimal cycle bases of outerplanar graphs},
	author={Leydold, Josef and Stadler, Peter F},
	year={1998},
	publisher={Department of Statistics and Mathematics, Abt. f. Angewandte Statistik u~…},
	journal = {The Electronic Journal of Combinatorics},
	volume = {5},
	number ={R16},
	pages = {}
}

@article{mathews2004incorporating,
	title={Incorporating chemical modification constraints into a dynamic programming algorithm for prediction of RNA secondary structure},
	author={Mathews, David H and Disney, Matthew D and Childs, Jessica L and Schroeder, Susan J and Zuker, Michael and Turner, Douglas H},
	journal={Proceedings of the National Academy of Sciences},
	volume={101},
	number={19},
	pages={7287--7292},
	year={2004},
	publisher={National Acad Sciences}
}

@article{xia1998thermodynamic,
	title={Thermodynamic parameters for an expanded nearest-neighbor model for formation of RNA duplexes with Watson- Crick base pairs},
	author={Xia, Tianbing and SantaLucia Jr, John and Burkard, Mark E and Kierzek, Ryszard and Schroeder, Susan J and Jiao, Xiaoqi and Cox, Christopher and Turner, Douglas H},
	journal={Biochemistry},
	volume={37},
	number={42},
	pages={14719--14735},
	year={1998},
	publisher={ACS Publications}
}

@article{lipowski2012roulette,
	title={Roulette-wheel selection via stochastic acceptance},
	author={Lipowski, Adam and Lipowska, Dorota},
	journal={Physica A: Statistical Mechanics and its Applications},
	volume={391},
	number={6},
	pages={2193--2196},
	year={2012},
	publisher={Elsevier}
}
